<record><leader>00000cas a22000007a 4500</leader><controlfield tag="001">20614869</controlfield><controlfield tag="008">891108d19121913nduwr ne      0    0eng d</controlfield><datafield ind1=" " ind2=" " tag="010"><subfield code="a">sn 88076113 </subfield></datafield><datafield ind1=" " ind2=" " tag="040"><subfield code="a">NOP</subfield><subfield code="b">eng</subfield><subfield code="c">NOP</subfield><subfield code="d">OCLCQ</subfield></datafield><datafield ind1=" " ind2=" " tag="042"><subfield code="a">msc</subfield></datafield><datafield ind1="0" ind2="0" tag="245"><subfield code="a">Bismarck times.</subfield></datafield><datafield ind1=" " ind2=" " tag="260"><subfield code="a">Bismarck, N.D. :</subfield><subfield code="b">Times Pub. Co.</subfield></datafield><datafield ind1=" " ind2=" " tag="300"><subfield code="a">2 v.</subfield></datafield><datafield ind1=" " ind2=" " tag="310"><subfield code="a">Weekly</subfield></datafield><datafield ind1="0" ind2=" " tag="362"><subfield code="a">26th year, no. 11 (Apr. 4, 1912)-28th year, no. 31 (Oct. 9, 1913).</subfield></datafield><datafield ind1=" " ind2=" " tag="530"><subfield code="a">Available on microfilm from the State Historical Society of North Dakota.</subfield></datafield><datafield ind1=" " ind2=" " tag="752"><subfield code="a">United States</subfield><subfield code="b">North Dakota</subfield><subfield code="c">Burleigh</subfield><subfield code="d">Bismarck.</subfield></datafield><datafield ind1="0" ind2=" " tag="775"><subfield code="t">Bismarck daily times</subfield><subfield code="w">(DLC)sn 89074357</subfield></datafield><datafield ind1="0" ind2="0" tag="780"><subfield code="t">Bismarck settler</subfield><subfield code="w">(DLC)sn 89074356</subfield></datafield><datafield ind1="0" ind2="0" tag="785"><subfield code="t">State news (Bismarck, N.D.)</subfield><subfield code="w">(DLC)sn 88076114</subfield></datafield></record>